@article{bezanson2017julia,
  title={Julia: A fresh approach to numerical computing},
  author={Bezanson, Jeff and Edelman, Alan and Karpinski, Stefan and Shah, Viral B},
  journal={SIAM review},
  volume={59},
  number={1},
  pages={65--98},
  year={2017},
  publisher={SIAM}
}

@article{chappell-iqbal-gunn-abbott,
	author = {James Chappell, Ashar Iqbal, Lachlan Gunn, Derek Abbott},
	title = {Functions of Multivector Variables},
	year = {2011},
}

@article{taylor-algebra,
	author = {Aaron D. Schutte},
	title = {A nilpotent algebra approach to Lagrangian mechanics and constrained motion},
	year = {2016},
}

@article{doran-hestenes-sommen-acker,
	author = {Chris Doran, David Hestenes, F. Sommen, and N. van Acker},
	title = {Lie groups as spin groups},
	journal = {J. Math. Phys.},
	year = {1993},
}

@article{ivancevic,
	author = {Vladimir and Tijana Ivancevic},
	title = {Undergraduate Lecture Notes in De Rahm-Hodge Theory},
	journal = {arXiv},
	year = {2011},
}

@article{optim-poly,
	author = {Michael Reed},
	title = {Optimal polynomial form characteristic methods},
	journal = {AES},
	year = {2019},
}

@article{hestenes,
	author = {David Hestenes},
	title = {Tutorial on Geometric Calculus},
	journal = {Advances in Applied Clifford Algebras},
	year = {2013},
}

@book{garling,
	author = {Garling},
	title = {Clifford Algebras: An Introduction},
	year = {2011},
}

@book{sobczyk,
	author = {Garret Sobczyk},
	title = {New Foundations in Mathematics: The Geometric Concept of Number},
	publisher = {Springer},
	year = {2013},
}

@book{browne,
	author = {John Browne},
	title = {Grassmann Algebra, Volume 1: Foundations},
	publisher = {Barnard Publishing},
	year = {2011},
}

@book{grassmann-2,
	author = {Hermann Grassmann},
	title = {Extension Theory (Ausdehnungslehre 1862)},
	publisher = {AMS},
	year = {2000},
}

@book{artin,
	author = {Emil Artin},
	title = {Geometric Algebra},
	publisher = {Interscience},
	year = {1957},
}

@book{shahshahani,
	author = {Siavash Shahshahani},
	title = {An Introductory Course on Differentiable Manifolds},
	publisher = {Dover},
	year = {2016},
}

@book{bishop-goldberg,
	author = {Richard L. Bishop and Samuel I. Goldberg},
	title = {Tensor Analysis on Manifolds},
	publisher = {Macmillan},
	year = {1968},
}
